<mx:record xmlns="http://www.w3.org/TR/xhtml1/strict" xmlns:mx="http://www.loc.gov/MARC21/slim" xmlns:xsi="http://www.w3.org/2001/XMLSchema-instance"><mx:leader>00000cz  a2200000n  45 0</mx:leader><mx:controlfield tag="001">oca00292151 </mx:controlfield><mx:controlfield tag="005">20070918051654.0</mx:controlfield><mx:controlfield tag="008">800617n| acannaabn          |a aaa      </mx:controlfield><mx:datafield ind1=" " ind2=" " tag="010"><mx:subfield code="a">n  79059104</mx:subfield></mx:datafield><mx:datafield ind1=" " ind2=" " tag="040"><mx:subfield code="a">DLC</mx:subfield><mx:subfield code="b">eng</mx:subfield><mx:subfield code="c">DLC</mx:subfield><mx:subfield code="d">DLC</mx:subfield><mx:subfield code="d">OCoLC</mx:subfield><mx:subfield code="d">DLC</mx:subfield><mx:subfield code="d">NcD</mx:subfield><mx:subfield code="d">OCoLC</mx:subfield><mx:subfield code="d">InU</mx:subfield></mx:datafield><mx:datafield ind1="0" ind2=" " tag="100"><mx:subfield code="a">Dio,</mx:subfield><mx:subfield code="c">Chrysostom</mx:subfield></mx:datafield><mx:datafield ind1="0" ind2=" " tag="400"><mx:subfield code="a">Dion,</mx:subfield><mx:subfield code="c">Chrysostomos</mx:subfield></mx:datafield><mx:datafield ind1="0" ind2=" " tag="400"><mx:subfield code="a">Dion,</mx:subfield><mx:subfield code="c">von Prusa</mx:subfield></mx:datafield><mx:datafield ind1="0" ind2=" " tag="400"><mx:subfield code="a">Dione,</mx:subfield><mx:subfield code="c">di Prusa</mx:subfield></mx:datafield><mx:datafield ind1="1" ind2=" " tag="400"><mx:subfield code="w">nnaa</mx:subfield><mx:subfield code="a">Dio Cocceianus, Chrysostomus,</mx:subfield><mx:subfield code="c">of Prusa</mx:subfield></mx:datafield><mx:datafield ind1="0" ind2=" " tag="400"><mx:subfield code="a">Dio Cocceianus,</mx:subfield><mx:subfield code="c">of Prusa</mx:subfield></mx:datafield><mx:datafield ind1="0" ind2=" " tag="400"><mx:subfield code="a">Dione,</mx:subfield><mx:subfield code="c">Crisostomo</mx:subfield></mx:datafield><mx:datafield ind1="0" ind2=" " tag="400"><mx:subfield code="a">Dion,</mx:subfield><mx:subfield code="c">Chrysostomus</mx:subfield></mx:datafield><mx:datafield ind1="0" ind2=" " tag="400"><mx:subfield code="a">Dio,</mx:subfield><mx:subfield code="c">Prusaeus</mx:subfield></mx:datafield><mx:datafield ind1="0" ind2=" " tag="400"><mx:subfield code="a">Dio,</mx:subfield><mx:subfield code="c">Coccejanus</mx:subfield></mx:datafield><mx:datafield ind1="0" ind2=" " tag="400"><mx:subfield code="a">Diōn,</mx:subfield><mx:subfield code="c">ho Prousaeus</mx:subfield></mx:datafield><mx:datafield ind1="0" ind2=" " tag="400"><mx:subfield code="a">Diōn Kokkeianos,</mx:subfield><mx:subfield code="c">ek Prousēs</mx:subfield></mx:datafield><mx:datafield ind1="0" ind2=" " tag="400"><mx:subfield code="a">Chrysostomos</mx:subfield></mx:datafield><mx:datafield ind1="0" ind2=" " tag="400"><mx:subfield code="a">Dión,</mx:subfield><mx:subfield code="c">de Prusa</mx:subfield></mx:datafield><mx:datafield ind1="0" ind2=" " tag="400"><mx:subfield code="a">Chrysostome</mx:subfield></mx:datafield><mx:datafield ind1="0" ind2=" " tag="400"><mx:subfield code="a">Dion,</mx:subfield><mx:subfield code="c">de Pruse</mx:subfield></mx:datafield><mx:datafield ind1="1" ind2=" " tag="400"><mx:subfield code="a">Chrysostom, Dio</mx:subfield></mx:datafield><mx:datafield ind1=" " ind2=" " tag="670"><mx:subfield code="a">His Sulla virtú, c1983:</mx:subfield><mx:subfield code="b">t.p. (Dione Crisostomo)</mx:subfield></mx:datafield><mx:datafield ind1=" " ind2=" " tag="670"><mx:subfield code="a">Encycl. Brit.</mx:subfield><mx:subfield code="b">(Dio Chrysostom; in Latin Dion Chrysostomus; also called Dio Prusaeus and Dio Cocceianus; b. ca. AD 40, Prusa, Bithynia; d. ca. 112)</mx:subfield></mx:datafield><mx:datafield ind1=" " ind2=" " tag="670"><mx:subfield code="a">Megalē Hellēnikē enkykl.</mx:subfield><mx:subfield code="b">(Diōn ho Prousaeus, known as Chrysostomos)</mx:subfield></mx:datafield><mx:datafield ind1=" " ind2=" " tag="670"><mx:subfield code="a">Papyros-Larous.</mx:subfield><mx:subfield code="b">(Diōn Kokkeianos, ek Prousēs, 40-117)</mx:subfield></mx:datafield><mx:datafield ind1=" " ind2=" " tag="670"><mx:subfield code="a">Krumbacher.</mx:subfield><mx:subfield code="b">(Index: Chrysostomos see Dion Chrysostomos)</mx:subfield></mx:datafield><mx:datafield ind1=" " ind2=" " tag="670"><mx:subfield code="a">Euboico, o, El cazador, 2004:</mx:subfield><mx:subfield code="b">t.p. (Dión de Prusa)</mx:subfield></mx:datafield><mx:datafield ind1=" " ind2=" " tag="670"><mx:subfield code="a">Dion Chrysostome et les mythes, c2006:</mx:subfield><mx:subfield code="b">p. 9 (Le sophiste Dion de Pruse, appelé Chrysostome ...)</mx:subfield></mx:datafield><mx:datafield ind1=" " ind2=" " tag="670"><mx:subfield code="a">Oxford classical dict., 1996</mx:subfield><mx:subfield code="b">(Dio Cocceianus, later called Chrysostom, ca. A.D. 40/50-after 110; ref. Chrysostom, Dio)</mx:subfield></mx:datafield><mx:datafield ind1=" " ind2=" " tag="678"><mx:subfield code="a">ca. 40-ca. 120</mx:subfield></mx:datafield><mx:datafield ind1=" " ind2=" " tag="999"><mx:subfield code="a">86145</mx:subfield></mx:datafield></mx:record>